%% This document is a bibtex export of HAL publication
%% Date of the export : 02/05/2012
%% Criteria : Author : 'friggeri'

%%
%% inria-00490195, version 2
%% http://hal.inria.fr/inria-00490195
%%


%@article{friggeri:2011:inria-00597448:1,
  AUTHOR = {Friggeri, Adrien and Cointet, Jean-Philippe and Latapy, Matthieu, Matthieu},
  TITLE = {{A Real-World Spreading Experiment in the Blogosphere}},
  JOURNAL = {{Complex Systems}},
  PUBLISHER = {Complex Systems Publications, Inc.},
  VOLUME = {19},
  NUMBER = {3},
  YEAR = {2011},
  URL = {http://hal.inria.fr/inria-00597448}
}
%% inria-00475921, version 1
%% http://hal.inria.fr/inria-00475921
%%

%@inproceedings{friggeri:2010:inria-00475921:1,
  AUTHOR = {Friggeri, Adrien and Chelius, Guillaume},
  TITLE = {{Biais dans les mesures obtenues par un r{\'e}seau de capteurs sans fil}},
  BOOKTITLE = {{12{\`e}mes Rencontres Francophones sur les Aspects Algorithmiques de T{\'e}l{\'e}communications (AlgoTel)}},
  YEAR = {2010},
  EDITOR = {Maria Gradinariu Potop-Butucaru and Herv{\'e} Rivano},
  KEYWORDS = {france},
  ADDRESS = {Belle Dune, France},
  MONTH = Jun,
  URL = {http://hal.inria.fr/inria-00475921}
}
%% inria-00587942, version 1
%% http://hal.inria.fr/inria-00587942
%%
%@misc{friggeri:2011:inria-00605673:1,
  AUTHOR = {Friggeri, Adrien and Fleury, Eric},
  TITLE = {{Des triangles pour mesurer la coh{\'e}sion sociale : Fellows, une exp{\'e}rimentation sur Facebook}},
  YEAR = {2011},
  MONTH = Jun,
  KEYWORDS = {france},
  NOTE = {{\'e}minaire w2s @ La Cantine},
  URL = {http://hal.inria.fr/inria-00605673}
}
%% hal-00692548, version 1
%% http://hal.inria.fr/hal-00692548
%%

@techreport{standup,
  AUTHOR = {Gonzales,Aaron and Moore,Seth and Rammohan,Roshan and Torres,Yamel},
  TITLE = {{Experiments in Artificial Humor: Improvements to STANDUP}},
  TYPE = {class project},
  YEAR = {2009},
  MONTH = Dec,
  INSTITUTION = {UNM},
  NUMBER = {CS471},
  URL = {https://www.dropbox.com/s/xdu4lcz5ftqic5i/ExperimentsInArtificialHumor_FINAL_VERSION.pdf}
}
%@techreport{friggeri:2012:hal-00692548:1,
  AUTHOR = {Friggeri, Adrien and Fleury, Eric},
  TITLE = {{Finding cohesive communities with C³}},
  TYPE = {Rapport de recherche},
  YEAR = {2012},
  MONTH = Apr,
  INSTITUTION = {INRIA},
  NUMBER = {RR-7947},
  URL = {http://hal.inria.fr/hal-00692548}
}
%% inria-00565336, version 2
%% http://hal.inria.fr/inria-00565336
%%
@article{physbio,
  author={Pamela E Seamster and Michael Loewenberg and Jennifer Pascal and Arnaud Chauviere and Aaron Gonzales and Vittorio
Cristini and Elaine L Bearer},
  title={Quantitative measurements and modeling of cargo–motor interactions during fast transport in the living axon},
  journal={Physical Biology},
  volume={9},
  number={5},
  pages={055005},
  url={http://stacks.iop.org/1478-3975/9/i=5/a=055005},
  year={2012},
}
@misc{akayshaposter,
  AUTHOR = {A. C. Tang and Z. Yang and R. D. Romeo and A. Chen and A. Plakio and D. Delvecchio and V. Nguyen and Y. Zhang and J. Youngblood and A. Gonzales and B. S. McEwen},
  TITLE = {{Good stress regulator begets good stress regulator: Predicting offspring stress regulation from maternal stress regulation}},
  YEAR = {2009},
  MONTH = Oct,
  NOTE ={Poster session presented at the annual meeting of the Society for Neuroscience}
}
%% hal-00692548, version 1
%% http://hal.inria.fr/hal-00692548
%%
A. C. Tang, Z. Yang, R. D. Romeo, A. Chen, A. Plakio, D. Delvecchio, V. Nguyen, Y. Zhang, J. 
Youngblood, A. Gonzales, B. S. McEwen. (2009, October) Good stress regulator begets 
good stress regulator: Predicting offspring stress regulation from maternal stress 
regulation. Poster session presented at the annual meeting of the Society for Neuroscience, 
   Chicago, IL. 
https://www.dropbox.com/s/xdu4lcz5ftqic5i/ExperimentsInArtificialHumor_FINAL_VERSION.pdf
