%% This document is a bibtex export of HAL publication
%% Date of the export : 02/05/2012
%% Criteria : Author : 'friggeri'
@techreport{standup,
  AUTHOR = {\textbf{Aaron Gonzales} and Moore,Seth and Rammohan,Roshan and Torres,Yamel},
  TITLE = {{Experiments in Artificial Humor: Improvements to STANDUP}},
  TYPE = {class project},
  YEAR = {2009},
  MONTH = Dec,
  INSTITUTION = {UNM},
  NUMBER = {CS471},
  URL = {https://www.dropbox.com/s/xdu4lcz5ftqic5i/ExperimentsInArtificialHumor_FINAL_VERSION.pdf}
}
@article { skullstrip,
  title            = { A simple, rapid process for semi-automated brain extraction from magnetic resonance images of the whole mouse head },
  year             = { 2015 },
  author           = {Adam Delora* and \textbf{Aaron Gonzales*} and Christopher S Medina and Adam Mitchell and Abdul Faheem Mohed and Russell E Jacobs and Elaine L Bearer},
  journal          = {Journal of Neuroscience Methods},
  doi              = {doi:10.1016/j.jneumeth.2015.09.031},
  note             = { * - these authors contributed equally },
  keywords         = {selected}
}

@article { stentpaper,
	title            = "Analysis of endovascular therapy for femoropopliteal disease with the Supera stent",
	year             = "2016",
	author           = "Miguel Montero-Baker and Gregory Ziomek and Luis Leon and \textbf{Aaron Gonzales} and Robert S Dieter and Crystal L Gadd and John P Pacanowski Jr",
	journal          = "Journal of Vascular Surgery",
	volume           = "64",
	number           = "4",
	pages            = "1002-1008",
	doi              = "http://dx.doi.org/10.1016/j.jvs.2016.04.053"}

@article { nimc_paper,
	title            = "Unraveling Network Induced Memory Contention: Deeper Insights with Machine Learning.",
	year             = "2018",
	author           = "Taylor L Groves and Ryan E Grant and \textbf{Aaron Gonzales} and Dorian Arnold",
	journal          = "IEEE Transactions on Parallel and Distributed Systems",
	volume           = "29",
	number           = "8",
	pages            = "1907 - 1922",
	month            = "August",
	doi              = "doi: 10.1109/ TPDS.2017.2773483"}

@article { comp_brain_phenotyping_paper,
	title            = "Automated computational processing of 3D MR images of mouse brain for phenotyping of living animals.",
	year             = "2017",
	author           = "C S Medina and B Manifold-Wheeler and \textbf{A Gonzales} and E L Bearer",
	journal          = "Curr Protoc Mol Biol",
	volume           = "119",
	number           = "29A",
	pages            = "1-29",
	month            = "July",
	doi              = "10.1002/cpmb.40.PMID:28678440",
	pubmed           = "PMID:28678440"}


@article { function_circuitry_app_paper,
	title            = "Alterations of functional circuitry in aging brain and the impact of mutated APP expression.
",
	year             = "2018",
	author           = "Elaine L Bearer and Brett C Manifold-Wheeler and Christopher S Medina and \textbf{Aaron Gonzales} and Frances L Chaves and Russel E Jacobs",
	journal          = "Neurobiol. Aging ",
	volume           = "70",
	pages            = "276-290",
	month            = "October",
	doi              = "10.1016/j.neurobiolaging.2018.06.018",
	pubmed           = "30055413"}

@article{physbiopaper,
  author={Pamela E Seamster and Michael Loewenberg and Jennifer Pascal and Arnaud Chauviere and \textbf{Aaron Gonzales} and Vittorio
Cristini and Elaine L Bearer},
  title={Quantitative measurements and modeling of cargoâ€“motor interactions during fast transport in the living axon},
  journal={Physical Biology},
  volume={9},
  number={5},
  pages={055005},
  url={http://stacks.iop.org/1478-3975/9/i=5/a=055005},
  KEYWORDS = {selected},
  year={2012},
}
@inproceedings{appsfn2013,
  AUTHOR= {\textbf{A. Gonzales} and J. J. Gallagher and X. Zhang and R. E. Jacobs and E. L. Bearer},
  TITLE = {{Aging deficits in axonal transport are exacerbated by abeta plaques: An MEMRI study}},
  booktitle = {2013 Neuroscience Meeting Planner},
  location  = {San Diego, CA USA},
  YEAR = {2013},
  MONTH = Nov,
  NOTE ={Poster session presented at the annual meeting of the Society for Neuroscience},
  KEYWORDS = {selected},
}
@inproceedings{akayshaposter,
  AUTHOR = {A. C. Tang and Z. Yang and R. D. Romeo and A. Chen and A. Plakio and D. Delvecchio and V. Nguyen and Y. Zhang and J. Youngblood and \textbf{A. Gonzales} and B. S. McEwen},
  TITLE = {{Good stress regulator begets good stress regulator: Predicting offspring stress regulation from maternal stress regulation}},
  booktitle = {2009 Neuroscience Meeting Planner},
  YEAR = {2009},
  MONTH = Oct,
  NOTE ={Poster session presented at the annual meeting of the Society for Neuroscience}
}
@inproceedings{stephenSFN2010,
   author    = {J. M. Stephen and L. Urrea A. Geeda and L. Romero and \textbf{A. Gonzales} and C. J. Aine and J. Bustillo},
   title     = {Auditory and visual integration differences from left temporal cortex in schizophrenia},
   booktitle = {2010 Neuroscience Meeting Planner},
   location  = {San Diego, CA USA},
   month     = {Nov},
   year      = {2010},
   note = {Poster session presented at the annual meeting of the Society for Neuroscience}
}
@inproceedings{fearsfn2012,
   author    = {\textbf{A. Gonzales} and J. J. Gallagher and X. Zhang and R. E. Jacobs and E. L. Bearer},
   title=	 {Live imaging of mesolimbic circuitry and activity in transgenic mouse models of post-traumatic stress by manganese-enhanced mri},
   booktitle = {2012 Neuroscience Meeting Planner},
   location  = {New Orleans, LA USA},
   month     = {Oct},
   year      = {2012},
   note = {Poster session presented at the annual meeting of the Society for Neuroscience},
   KEYWORDS = {selected}
}
@inproceedings{trasportascb12,
   author    = {Pascal, J. and Loewenberg, M. and \textbf{A. Gonzales} and Adair, E. Cristini, V. and Bearer, EL},
   title=	 {Measurements and modeling of axonal transport: Amyloid precursor protein wins over negative charge in the race to the synapse},
   booktitle = {Mol. Biol. Cell, 23,4663, abstract 1984},
   location  = {New Orleans, LA USA},
   month     = {Dec},
   year      = {2012},
}

@inproceedings{faseb,
   author    = {Elaine L Bearer and Joseph J Gallagher and \textbf{Aaron Gonzales} and Russell E Jacobs},
   title     = {Imaging functional anatomy in the brain of mouse models of human disease},
   booktitle = {FASEB Journal 26},
   year      = {2012},
}

@inproceedings{alzDementia,
   author    = {Elaine L Bearer and Joseph J Gallagher and \textbf{Aaron Gonzales} and Russell E Jacobs},
   title=	 {Imaging functional anatomy in the brain of mouse models of human disease},
   booktitle = {Alzheimer's \& dementia : The Journal of the Alzheimer's Association},
   month     = {Jul},
   volume={9},
   number={4},
   pages={190},
   url={DOI: 10.1016/j.jalz.2013.05.329},
   year={2013},
}

}

@misc{ptsdmethods,
   author = {\textbf{Aaron Gonzales} and Adam Delora and Xiaowei Zhang and Russell E Jacobs and Elaine L Bearer},
   title = {\textit{In-vivo} Imaging of fear pathways in mice: an MEMRI method},
   year = {2015},
   KEYWORDS = {selected}
}
@misc{ptsd,
   author = {\textbf{Aaron Gonzales} and Adam Delora and Xiowei Zhang and Russell E Jacobs and Elaine L Bearer},
   title = {Functional circuitry is perturbed in a mouse model of PTSD},
   year = {2014}
}

@inproceedings{stripSfn2014,
   author    = {\textbf{A. Gonzales} and A. Delora and R. E. Jacobs and E. L. Bearer},
   title     = {Unbiased comprehensive analysis of neural activity in response to fear with in vivo MR imaging of animal models of PTSD},
   booktitle = {2014 Neuroscience Meeting Planner},
   location  = {Washington, DC},
   month     = {Nov},
   year      = {2014},
   note = {Platform presentation at the annual meeting of the Society for Neuroscience},
   KEYWORDS = {selected}
}
@inproceedings{alzSfn2014,
   author    = "E.L. Bearer and \textbf{A. Gonzales} and F. Chavez and R. E. Jacobs",
   title     = {Axonal transport is altered in aging mice with and without plaques induced by overexpression of human APP},
   booktitle = {2014 Neuroscience Meeting Planner},
   location  = {Washington, DC},
   month     = {Nov},
   year      = {2014},
   note = {Platform presentation at the annual meeting of the Society for Neuroscience}
}

@inproceedings{espt2015_WIP,
  AUTHOR= {\textbf{A. Gonzales} and Michael Mason and Prabhu Khasla and
           Abdullah Mueen and Dorian Arnold},
  TITLE = {{A Principled Approach to HPC Monitoring}},
  booktitle = {4th Workshop on Extreme-Scale Programming Tools at
               Supercomputing 2015},
  location  = {Austin, Texas},
  MONTH = Nov,
  KEYWORDS = {selected},
}
